@article{	gibson09,
			Author="Gibson, Daniel G and Young, Lei and Chuang, Ray-Yuan and Venter, J Craig and Hutchison III, Clyde A and Smith, Hamilton O",
			Title="Enzymatic assembly of {DNA} molecules up to several hundred kilobases",
			Journal="Nature Methods",
			Volume="6",
			Pages="343-345",
			Year="2009"
}

@article{	venter10,
			Author="Gibson, Daniel G and Glass, John I and Lartigue, Carole and Noskov, Vladimir N and Chuang, Ray-Yuan and Algire, Mikkel A and Benders, Gwynedd A and Montague, Michael G and Ma, Li and Moodie, Monzia M and Merryman, Chuck and Vashee, Sanjay and Krishnakumar, Radha and Assad-Garcia, Nacyra and Segall-Shapiro, Thomas H and Calvey, Christopher H and Parmar, Prashanth P and Hutchison III, Clyde A and Smith, Hamilton O and Venter, J Craig",
			Title="Creation of a Bacterial Cell Controlled by a Chemically Synthesized Genome",
			Journal="Science",
			Volume="329",
			Number="5987",
			Pages="52-56",
			Year="2010"
}

@misc{rfc57,
  author="Collins, Bill and Copley, Hannah and Emmrich, Peter and Handley, Will and Hohmann, Anja and Knott, Emily and Masset, Paul and Reeve, Ben and Sanderson, Theo",
  title="{Assembly of BioBricks by the Gibson
Method}",
  series="Request for Comments",
  number="57",
  howpublished="RFC 57",
  publisher="BBF",
  organization="BioBrick Foundation",
  year=2010,
  month=oct,
    url="http://www.cambridgeigem.org/RFC57.pdf",
}

@article{canny,
	Author="Canny, John",
	Title="A computational approach to edge detection",
	Journal="IEEE Transactions on Pattern Analysis and Machine Intelligence",
	Volume="8",
	Pages="679-698",
	Year="1986",
	Month=nov
}

@article{berg84,
	Author="Berg, Howard C and Block, Steven M",
	Title="A Miniature Flow Cell Designed for Rapid Exchange of Media Under 
High-power Microscope Objectives",
	Journal="Journal of  General Microbiology",
	Volume="130",
	Pages="2915-2920",
	Year="1984",
	Month=may
}

@article{tsien98,
	Author="Tsien, Roger Y",
	Title="The Green Fluorescent Protein",
	Journal="Annual Review of Biochemistry",
	Volume="67",
	Pages="509-544",
	Year="1998",
	Month=jul
}

@article{nagai02,
	Author="Nagai, Takeharu and Ibata, Keiji and Park, Eun Sun and Kubota, Mei and Mikoshiba, Katsuhiko and Miyawaki, Atsushi",
	Title="A variant of yellow fluorescent protein with fast and efficient maturation for cell-biological applications",
	Journal="Nature Biotechnology",
	Volume="20",
	Pages="87-90",
	Year="2002",
	Month=jan
}

@article{vaknin07,
	Author="Vaknin, Andy and Berg, Howard C",
	Title="Physical Responses of Bacterial Chemoreceptors",
	Journal="Journal of Molecular Biology",
	Volume="366",
	Number="5",
	Pages="1416-1423",
	Year="2007",
	Month=mar
}

@article{hamadeh11,
	Author="Hamadeh, Abdullah and Roberts, Mark A J and Augus, Elias and McSharry, Patrick E and Maini, Philip K and Armitage, Judith P and Papachristodoulou, Antonis",
	Title="Feedback Control Architecture and the Bacterial Chemotaxis Network",
	Journal="PLoS Computational Biology",
	Volume="7",
	Number="5",
	Year="2011",
	Month=may
}

@article{li04,
	Author="Li, Mingshan and Hazelbauer, Gerald L",
	Title="Cellular Stoichiometry of the Components of the Chemotaxis Signaling Complex",
	Journal="Journal of Bacteriology",
	Volume="168",
	Number="12",
	Year="2004",
	Month=jun
}

@article{stock89,
	Author="Stock, Ann M and Mottonen, James M and Stock, Jeffry B and Schutt, Clarence E",
	Title="Three-dimensional structure of CheY, the response regulator of bacterial chemotaxis",
	Journal="Nature",
	Volume="337",
	Pages="745-749",
	Year="1989",
	Month=feb,
	doi="10.1038/337745a0"
}

@article{milligan87,
	Author="Miligan, Daniel L and Koshland Jr, Daniel E",
	Title="Site-directed Cross-linking: Establishing The Dimeric Structure Of The Aspartate Receptor Of Bacterial Chemotaxis",
	Journal="The Journal Of Biological Chemistry",
	Volume="263",
	Number="13",
	Pages="6268-6275",
	Year="1987",
	Month=may
}

@article{yi00,
	Author="Yi, Tau-Mu and Huang, Yun and Simon, Melvin I and Doyle, John",
	Title="Robust perfect adaptation in bacterial chemotaxis through integral feedback control",
	Journal="PNAS",
	Volume="97",
	Number="9",
	Pages="4649-4653",
	Year="2000",
	Month=apr,
	doi="10.1073/pnas.97.9.4649"
}

@article{lipkow06,
	Author="Lipkow, Karen",
	Title="Changing Cellular Location of CheZ Predicted by Molecular Simulations",
	Journal="PLoS Computational Biology",
	Volume="2",
	Number="4",
	Pages="301-310",
	Year="2006",
	Month=apr
}

@article{greenfield09,
	Author="Greenfield, Derek and McEvoy, Ann L and Shroff, Hari and Crooks, Gavin E and Wingreen, Ned S and Betzig, Eric and Liphardt, Jan",
	Title="Self-Organization of the Escherichia coli Chemotaxis Network Imaged with Super-Resolution Light Microscopy",
	Journal="PLoS Biology",
	Volume="7",
	Number="6",
	Year="2009",
	Month=jun
}

@article{hall11,
	Author="Hall, Benjamin A and Armitage, Judith P and Sansom, Mark S P",
	Title="Transmembrane Helix Dynamics of Bacterial Chemoreceptors Supports a Piston Model of Signalling",
	Journal="PLoS Computational Biology",
	Volume="7",
	Number="10",
	Year="2011",
	Month=oct
}

@article{kentner09,
	Author="Kentner, David and Sourjik, Victor",
	Title="Dynamic map of protein interactions in the Escherichia coli chemotaxis pathway",
	Journal="Molecular Systems Biology",
	Volume="5",
	Number="238",
	Year="2009",
	doi="10.1038/msb.2008.77"
}